@article{CMS:2021qbp,
    author = "Chatrchyan, Serguei and others",
    collaboration = "CMS",
    title = "{Search for nonresonant Higgs boson pair production in final states with two bottom quarks and two photons in proton-proton collisions at s = 13 TeV}",
    eprint = "2011.12373v2",
    archivePrefix = "arXiv",
    primaryClass = "hep-ex",
    reportNumber = "CMS-HIG-19-018, CERN-EP-2020-222",
    doi = "10.1007/JHEP03(2021)257",
    journal = "Journal of High Energy Physics",
    volume = "716",
    pages = "54",
    year = "2021"
}

@book{HandbookLHC ,
    author = "D. de Florian, C. Grojean and others",
    title = "{Handbook of LHC Higgs cross sections}: {4. Deciphering the nature of the Higgs sector}",
    doi = "10.23731/CYRM-2017-002",
    isbn = "978–92–9083–442–7, 978–92–9083–443–4",
    publisher = "CERN, CH-1211 Geneva 23, Switzerland",
    year = "2017"
}

@article{CMS:2008,
    collaboration = "CMS",
    title = "{The CMS experiment at the CERN LHC}",
    doi = "10.1088/1748-0221/3/08/S08004",
    journal = "JINST 3 S08004",
    pages = "334",
    year = "2008"
}

@article{CMS:2017trg,
    collaboration = "CMS",
    title = "{The CMS trigger system}",
    eprint = "1609.02366v2",
    archivePrefix = "arXiv",
    primaryClass = "physics.ins-det",
    reportNumber = "CMS-TRG-12-001, CERN-EP/2016-160",
    doi = "10.1088/1748-0221/12/01/P01020",
    journal = "JINST",
    pages = "120",
    year = "2017"
}

@article{CMS:2017pf,
    collaboration = "CMS",
    title = "{Particle-flow reconstruction and global event description with the CMS detector}",
    eprint = "1706.04965v2",
    archivePrefix = "arXiv",
    primaryClass = "physics.ins-det",
    reportNumber = "CMS-PRF-14-001, CERN-EP-2017-110",
    doi = "10.1088/1748-0221/12/10/P10003",
    journal = "JINST",
    pages = "82",
    year = "2017"
}

@book{hpalg:2011 ,
    author = "Bergstra, James and Bardenet, Remi and Bengio, Yoshua and Kegl, Balazs",
    title = "{Algorithms for hyper-parameter optimization}",
    doi = "10.23731/CYRM-2017-002",
    isbn = "9781618395993",
    publisher = "Curran Associates Inc., Red Hook, NY, USA",
    year = "2011"
}

@article{hpsearch:2012,
    author = "J. Bergstra and D. Yamins and D. D. Cox",
    title = "{Making a Science of Model Search}",
    eprint = "1209.5111",
    archivePrefix = "arXiv",
    primaryClass = "cs.CV",
    doi = "10.48550/arXiv.1209.5111",
    pages = "9",
    year = "2012"
}

@article{GAT:2018,
    author = "P. Veličković, G. Cucurull, A. Casanova, A. Romero, P. Liò and Y. Bengio",
    collaboration = "CMS",
    title = "{Graph Attention Networks}",
    eprint = "1710.10903",
    archivePrefix = "arXiv",
    primaryClass = "stat.ML",
    pages = "12",
    year = "2018"
}

@book{DL:2021 ,
    author = "M. Erdmann, J. Glombitza, G. Kasieczka and U. Klemradt",
    title = "{Deep Learning for Physics Research}",
    doi = "10.1142/12294",
    isbn = "9789811285325",
    publisher = "World Scientific Publishing Co. Pte. Ltd., 5 Toh Tuck Link, Singapore 596224",
    year = "2021"
}

@phdthesis{Guerrero:2021,
    author = "Guerrero Ibarra, Daniel Fernando",
    title = "{Search for Non-Resonant Higgs Boson Pair Production in the Four Bottom Quark Decay Channel with the CMS Experiment}",
    reportNumber = "CERN-THESIS-2021-218, CMS-TS-2021-025",
    url = "https://cds.cern.ch/record/2791685",
    school = "Florida University",
    year = "2021"
}

@techreport{Run2analysisnote,
      collaboration = "CMS",
      title         = "{{Search for non resonant H(bb)H($\gamma \gamma$) for Run 2}}",
      institution   = "CERN",
      reportNumber  = "CMS AN-17-286",
      address       = "Geneva",
      year          = "2020",
}

@misc{CSangle,
  author = {J. Alcaraz Maestre},
  title = {Details on the Collins-Soper reference frame and lepton angular distributions in electroweak vector boson production at hadron colliders},
  howpublished = {Center for Energy, Environmental and Technological Research (CIEMAT)},
  year = {2020},
  url = {https://cpage.mpr.gob.es/producto/details-on-the-collins-soper-reference-frame-and-lepton-angular-distributions-in-electroweak-vector-boson-production-at-hadron-colliders/},
}


@article{ATLAS:2012yve,
    author = "Aad, Georges and others",
    collaboration = "ATLAS",
    title = "{Observation of a new particle in the search for the Standard Model Higgs boson with the ATLAS detector at the LHC}",
    eprint = "1207.7214",
    archivePrefix = "arXiv",
    primaryClass = "hep-ex",
    reportNumber = "CERN-PH-EP-2012-218",
    doi = "10.1016/j.physletb.2012.08.020",
    journal = "Phys. Lett. B",
    volume = "716",
    pages = "1",
    year = "2012"
}

@article{CMS:2012qbp,
    author = "Chatrchyan, Serguei and others",
    collaboration = "CMS",
    title = "{Observation of a New Boson at a Mass of 125 GeV with the CMS Experiment at the LHC}",
    eprint = "1207.7235",
    archivePrefix = "arXiv",
    primaryClass = "hep-ex",
    reportNumber = "CMS-HIG-12-028, CERN-PH-EP-2012-220",
    doi = "10.1016/j.physletb.2012.08.021",
    journal = "Phys. Lett. B",
    volume = "716",
    pages = "30",
    year = "2012"
}

@book{Kolanoski:2016gyf,
    author = "Kolanoski, Hermann and Wermes, Norbert",
    title = "{Teilchendetektoren}: {Grundlagen und Anwendungen}",
    doi = "10.1007/978-3-662-45350-6",
    isbn = "978-3-662-45349-0, 978-3-662-45350-6",
    publisher = "Springer Spektrum Berlin, Heidelberg",
    year = "2016"
}

@phdthesis{Rieger:2019rgc,
    author = "Rieger, Marcel",
    title = "{Search for $\mathrm{t\bar{t}H}$ Production in the $\mathrm{H\to b\bar{b}}$ Decay Channel: Using Deep Learning Techniques with the CMS Experiment}",
    reportNumber = "CERN-THESIS-2019-163",
    doi = "10.18154/RWTH-2019-06415",
    school = "RWTH Aachen University",
    year = "2019"
}

@techreport{CMS-PAS-SMP-22-009,
      collaboration = "CMS",
      title         = "{{Measurement of the $Z(\nu\bar{\nu})+\gamma$ production
                       cross section and search for anomalous neutral triple gauge
                       couplings in pp collisions at $13~\mathrm{TeV}$}}",
      institution   = "CERN",
      reportNumber  = "CMS-PAS-SMP-22-009",
      address       = "Geneva",
      year          = "2024",
      url           = "{\href{https://cds.cern.ch/record/2895314}{https://cds.cern.ch/record/2895314}}",
}

@misc{Guardian,
  author = {Jim Al-Khalili},
  title = {Aliens may not exist – but that’s good news for our survival},
  howpublished = {The Guardian},
  year = {27/06/2018},
  url = {https://www.theguardian.com/commentisfree/2018/jun/27/aliens-exist-survival-universe-jim-alkhalili},
  note = {Accessed 28/05/2024}
}

@bachelorsthesis{example_Bsc_thesis,
    author = {Jan Lukas Sp\"ah},
    title = {Studies for the sensitivity to dimension six operators in the context of effective field theories in singe-top-quark production with a photon},
    year = {2019},
    type = {Bachelor's Thesis},
    school = {TU Dortmund University}
}

@mastersthesis{example_Msc_thesis,
    author = {Jan Lukas Sp\"ah},
    title = {Data-driven corrections to shower shape variables for photon identification at the ATLAS experiment},
    year = {2021},
    school = {TU Dortmund University}
}